<?xml version="1.0" encoding="UTF-8"?>
<SOAP-ENV:Envelope xmlns:SOAP-ENV="http://schemas.xmlsoap.org/soap/envelope/" xmlns:of="http://oss.dbc.dk/ns/openformat" xmlns:ofo="http://oss.dbc.dk/ns/openformatoutput"><SOAP-ENV:Body><of:formatResponse><marc:record xmlns:marc="http://www.loc.gov/MARC21/slim"><leader>00000nas a22000000c 4500</leader><controlfield tag="001">870970:05972787</controlfield><controlfield tag="003">DKDLA</controlfield><controlfield tag="005">20010709141026.0</controlfield><controlfield tag="007">ta</controlfield><controlfield tag="008">831005c19009999dk |||||||||| 00||udan||</controlfield><datafield ind1=" " ind2="0" tag="245"><subfield code="a">Haven</subfield></datafield><datafield ind1=" " ind2=" " tag="260"><subfield code="b">Det Danske Haveselskab,</subfield><subfield code="c">1900-</subfield></datafield><datafield ind1=" " ind2=" " tag="300"/><datafield ind1="0" ind2=" " tag="710"><subfield code="a">Det Danske Haveselskab</subfield></datafield><datafield ind1="0" ind2=" " tag="710"><subfield code="a">Det Kongelige Danske Haveselskab</subfield></datafield><datafield ind1="0" ind2=" " tag="710"><subfield code="a">Det Jydske Haveselskab</subfield></datafield><datafield ind1="0" ind2=" " tag="710"><subfield code="a">Østifternes Haveselskab</subfield></datafield></marc:record></of:formatResponse></SOAP-ENV:Body></SOAP-ENV:Envelope>
